%YAML 1.1
%TAG !u! tag:unity3d.com,2011:
--- !u!29 &1
OcclusionCullingSettings:
  m_ObjectHideFlags: 0
  serializedVersion: 2
  m_OcclusionBakeSettings:
    smallestOccluder: 5
    smallestHole: 0.25
    backfaceThreshold: 100
  m_SceneGUID: 00000000000000000000000000000000
  m_OcclusionCullingData: {fileID: 0}
--- !u!104 &2
RenderSettings:
  m_ObjectHideFlags: 0
  serializedVersion: 8
  m_Fog: 0
  m_FogColor: {r: 0.5, g: 0.5, b: 0.5, a: 1}
  m_FogMode: 3
  m_FogDensity: 0.01
  m_LinearFogStart: 0
  m_LinearFogEnd: 300
  m_AmbientSkyColor: {r: 0.212, g: 0.227, b: 0.259, a: 1}
  m_AmbientEquatorColor: {r: 0.114, g: 0.125, b: 0.133, a: 1}
  m_AmbientGroundColor: {r: 0.047, g: 0.043, b: 0.035, a: 1}
  m_AmbientIntensity: 1
  m_AmbientMode: 0
  m_SubtractiveShadowColor: {r: 0.42, g: 0.478, b: 0.627, a: 1}
  m_SkyboxMaterial: {fileID: 10304, guid: 0000000000000000f000000000000000, type: 0}
  m_HaloStrength: 0.5
  m_FlareStrength: 1
  m_FlareFadeSpeed: 3
  m_HaloTexture: {fileID: 0}
  m_SpotCookie: {fileID: 10001, guid: 0000000000000000e000000000000000, type: 0}
  m_DefaultReflectionMode: 0
  m_DefaultReflectionResolution: 128
  m_ReflectionBounces: 1
  m_ReflectionIntensity: 1
  m_CustomReflection: {fileID: 0}
  m_Sun: {fileID: 0}
  m_IndirectSpecularColor: {r: 0.44657844, g: 0.49641222, b: 0.57481694, a: 1}
--- !u!157 &3
LightmapSettings:
  m_ObjectHideFlags: 0
  serializedVersion: 11
  m_GIWorkflowMode: 0
  m_GISettings:
    serializedVersion: 2
    m_BounceScale: 1
    m_IndirectOutputScale: 1
    m_AlbedoBoost: 1
    m_TemporalCoherenceThreshold: 1
    m_EnvironmentLightingMode: 0
    m_EnableBakedLightmaps: 1
    m_EnableRealtimeLightmaps: 1
  m_LightmapEditorSettings:
    serializedVersion: 9
    m_Resolution: 2
    m_BakeResolution: 40
    m_TextureWidth: 1024
    m_TextureHeight: 1024
    m_AO: 0
    m_AOMaxDistance: 1
    m_CompAOExponent: 1
    m_CompAOExponentDirect: 0
    m_Padding: 2
    m_LightmapParameters: {fileID: 0}
    m_LightmapsBakeMode: 1
    m_TextureCompression: 1
    m_FinalGather: 0
    m_FinalGatherFiltering: 1
    m_FinalGatherRayCount: 256
    m_ReflectionCompression: 2
    m_MixedBakeMode: 2
    m_BakeBackend: 0
    m_PVRSampling: 1
    m_PVRDirectSampleCount: 32
    m_PVRSampleCount: 500
    m_PVRBounces: 2
    m_PVRFilterTypeDirect: 0
    m_PVRFilterTypeIndirect: 0
    m_PVRFilterTypeAO: 0
    m_PVRFilteringMode: 1
    m_PVRCulling: 1
    m_PVRFilteringGaussRadiusDirect: 1
    m_PVRFilteringGaussRadiusIndirect: 5
    m_PVRFilteringGaussRadiusAO: 2
    m_PVRFilteringAtrousPositionSigmaDirect: 0.5
    m_PVRFilteringAtrousPositionSigmaIndirect: 2
    m_PVRFilteringAtrousPositionSigmaAO: 1
  m_LightingDataAsset: {fileID: 0}
  m_UseShadowmask: 1
--- !u!196 &4
NavMeshSettings:
  serializedVersion: 2
  m_ObjectHideFlags: 0
  m_BuildSettings:
    serializedVersion: 2
    agentTypeID: 0
    agentRadius: 0.5
    agentHeight: 2
    agentSlope: 45
    agentClimb: 0.4
    ledgeDropHeight: 0
    maxJumpAcrossDistance: 0
    minRegionArea: 2
    manualCellSize: 0
    cellSize: 0.16666667
    manualTileSize: 0
    tileSize: 256
    accuratePlacement: 0
    debug:
      m_Flags: 0
  m_NavMeshData: {fileID: 0}
--- !u!1001 &482685586
Prefab:
  m_ObjectHideFlags: 0
  serializedVersion: 2
  m_Modification:
    m_TransformParent: {fileID: 0}
    m_Modifications:
    - target: {fileID: 400000, guid: eb7527d10ec198e4fbb129ed64c0bf54, type: 3}
      propertyPath: m_LocalPosition.x
      value: -0.17
      objectReference: {fileID: 0}
    - target: {fileID: 400000, guid: eb7527d10ec198e4fbb129ed64c0bf54, type: 3}
      propertyPath: m_LocalPosition.y
      value: 0
      objectReference: {fileID: 0}
    - target: {fileID: 400000, guid: eb7527d10ec198e4fbb129ed64c0bf54, type: 3}
      propertyPath: m_LocalPosition.z
      value: 0
      objectReference: {fileID: 0}
    - target: {fileID: 400000, guid: eb7527d10ec198e4fbb129ed64c0bf54, type: 3}
      propertyPath: m_LocalRotation.x
      value: 0
      objectReference: {fileID: 0}
    - target: {fileID: 400000, guid: eb7527d10ec198e4fbb129ed64c0bf54, type: 3}
      propertyPath: m_LocalRotation.y
      value: -0
      objectReference: {fileID: 0}
    - target: {fileID: 400000, guid: eb7527d10ec198e4fbb129ed64c0bf54, type: 3}
      propertyPath: m_LocalRotation.z
      value: -0
      objectReference: {fileID: 0}
    - target: {fileID: 400000, guid: eb7527d10ec198e4fbb129ed64c0bf54, type: 3}
      propertyPath: m_LocalRotation.w
      value: 1
      objectReference: {fileID: 0}
    - target: {fileID: 400000, guid: eb7527d10ec198e4fbb129ed64c0bf54, type: 3}
      propertyPath: m_RootOrder
      value: 2
      objectReference: {fileID: 0}
    - target: {fileID: 2300000, guid: eb7527d10ec198e4fbb129ed64c0bf54, type: 3}
      propertyPath: m_Materials.Array.data[0]
      value: 
      objectReference: {fileID: 2100000, guid: 3953615dc1155574e8cdad348cc1b052, type: 2}
    - target: {fileID: 400002, guid: eb7527d10ec198e4fbb129ed64c0bf54, type: 3}
      propertyPath: m_LocalPosition.x
      value: -0.663
      objectReference: {fileID: 0}
    - target: {fileID: 400002, guid: eb7527d10ec198e4fbb129ed64c0bf54, type: 3}
      propertyPath: m_LocalPosition.y
      value: 0.32
      objectReference: {fileID: 0}
    - target: {fileID: 400002, guid: eb7527d10ec198e4fbb129ed64c0bf54, type: 3}
      propertyPath: m_LocalRotation.x
      value: -0
      objectReference: {fileID: 0}
    - target: {fileID: 400002, guid: eb7527d10ec198e4fbb129ed64c0bf54, type: 3}
      propertyPath: m_LocalRotation.y
      value: -0.06625897
      objectReference: {fileID: 0}
    - target: {fileID: 400002, guid: eb7527d10ec198e4fbb129ed64c0bf54, type: 3}
      propertyPath: m_LocalRotation.w
      value: 0.9978025
      objectReference: {fileID: 0}
    - target: {fileID: 400002, guid: eb7527d10ec198e4fbb129ed64c0bf54, type: 3}
      propertyPath: m_LocalEulerAnglesHint.y
      value: -7.5980005
      objectReference: {fileID: 0}
    - target: {fileID: 400002, guid: eb7527d10ec198e4fbb129ed64c0bf54, type: 3}
      propertyPath: m_LocalPosition.z
      value: 0.097
      objectReference: {fileID: 0}
    - target: {fileID: 100002, guid: eb7527d10ec198e4fbb129ed64c0bf54, type: 3}
      propertyPath: m_IsActive
      value: 0
      objectReference: {fileID: 0}
    - target: {fileID: 100000, guid: eb7527d10ec198e4fbb129ed64c0bf54, type: 3}
      propertyPath: m_IsActive
      value: 0
      objectReference: {fileID: 0}
    m_RemovedComponents: []
  m_ParentPrefab: {fileID: 100100000, guid: eb7527d10ec198e4fbb129ed64c0bf54, type: 3}
  m_IsPrefabParent: 0
--- !u!1 &1014023377
GameObject:
  m_ObjectHideFlags: 0
  m_PrefabParentObject: {fileID: 0}
  m_PrefabInternal: {fileID: 0}
  serializedVersion: 5
  m_Component:
  - component: {fileID: 1014023381}
  - component: {fileID: 1014023380}
  - component: {fileID: 1014023379}
  - component: {fileID: 1014023378}
  - component: {fileID: 1014023382}
  m_Layer: 0
  m_Name: Main Camera
  m_TagString: MainCamera
  m_Icon: {fileID: 0}
  m_NavMeshLayer: 0
  m_StaticEditorFlags: 0
  m_IsActive: 1
--- !u!81 &1014023378
AudioListener:
  m_ObjectHideFlags: 0
  m_PrefabParentObject: {fileID: 0}
  m_PrefabInternal: {fileID: 0}
  m_GameObject: {fileID: 1014023377}
  m_Enabled: 1
--- !u!124 &1014023379
Behaviour:
  m_ObjectHideFlags: 0
  m_PrefabParentObject: {fileID: 0}
  m_PrefabInternal: {fileID: 0}
  m_GameObject: {fileID: 1014023377}
  m_Enabled: 1
--- !u!20 &1014023380
Camera:
  m_ObjectHideFlags: 0
  m_PrefabParentObject: {fileID: 0}
  m_PrefabInternal: {fileID: 0}
  m_GameObject: {fileID: 1014023377}
  m_Enabled: 1
  serializedVersion: 2
  m_ClearFlags: 2
  m_BackGroundColor: {r: 0.31817693, g: 0.4044118, b: 0.333045, a: 0}
  m_NormalizedViewPortRect:
    serializedVersion: 2
    x: 0
    y: 0
    width: 1
    height: 1
  near clip plane: 0.3
  far clip plane: 1000
  field of view: 41.762173
  orthographic: 0
  orthographic size: 5
  m_Depth: -1
  m_CullingMask:
    serializedVersion: 2
    m_Bits: 4294967295
  m_RenderingPath: -1
  m_TargetTexture: {fileID: 0}
  m_TargetDisplay: 0
  m_TargetEye: 3
  m_HDR: 1
  m_AllowMSAA: 1
  m_ForceIntoRT: 0
  m_OcclusionCulling: 1
  m_StereoConvergence: 10
  m_StereoSeparation: 0.022
--- !u!4 &1014023381
Transform:
  m_ObjectHideFlags: 0
  m_PrefabParentObject: {fileID: 0}
  m_PrefabInternal: {fileID: 0}
  m_GameObject: {fileID: 1014023377}
  m_LocalRotation: {x: 0, y: 0, z: 0, w: 1}
  m_LocalPosition: {x: 2.667, y: 0.81, z: -5.282}
  m_LocalScale: {x: 1, y: 1, z: 1}
  m_Children: []
  m_Father: {fileID: 0}
  m_RootOrder: 0
  m_LocalEulerAnglesHint: {x: 0, y: 0, z: 0}
--- !u!114 &1014023382
MonoBehaviour:
  m_ObjectHideFlags: 0
  m_PrefabParentObject: {fileID: 0}
  m_PrefabInternal: {fileID: 0}
  m_GameObject: {fileID: 1014023377}
  m_Enabled: 1
  m_EditorHideFlags: 0
  m_Script: {fileID: 11500000, guid: 68231a3546caa2a4a966ea67ea8012bd, type: 3}
  m_Name: 
  m_EditorClassIdentifier: 
--- !u!1 &1296554659
GameObject:
  m_ObjectHideFlags: 0
  m_PrefabParentObject: {fileID: 0}
  m_PrefabInternal: {fileID: 0}
  serializedVersion: 5
  m_Component:
  - component: {fileID: 1296554661}
  - component: {fileID: 1296554660}
  m_Layer: 0
  m_Name: Directional light
  m_TagString: Untagged
  m_Icon: {fileID: 0}
  m_NavMeshLayer: 0
  m_StaticEditorFlags: 0
  m_IsActive: 1
--- !u!108 &1296554660
Light:
  m_ObjectHideFlags: 0
  m_PrefabParentObject: {fileID: 0}
  m_PrefabInternal: {fileID: 0}
  m_GameObject: {fileID: 1296554659}
  m_Enabled: 1
  serializedVersion: 8
  m_Type: 1
  m_Color: {r: 0, g: 0, b: 0, a: 1}
  m_Intensity: 10.87
  m_Range: 10
  m_SpotAngle: 30
  m_CookieSize: 10
  m_Shadows:
    m_Type: 0
    m_Resolution: -1
    m_CustomResolution: -1
    m_Strength: 1
    m_Bias: 0.05
    m_NormalBias: 0.4
    m_NearPlane: 0.2
  m_Cookie: {fileID: 0}
  m_DrawHalo: 0
  m_Flare: {fileID: 0}
  m_RenderMode: 0
  m_CullingMask:
    serializedVersion: 2
    m_Bits: 4294967295
  m_Lightmapping: 4
  m_AreaSize: {x: 1, y: 1}
  m_BounceIntensity: 1
  m_ColorTemperature: 6570
  m_UseColorTemperature: 0
  m_ShadowRadius: 0
  m_ShadowAngle: 0
--- !u!4 &1296554661
Transform:
  m_ObjectHideFlags: 0
  m_PrefabParentObject: {fileID: 0}
  m_PrefabInternal: {fileID: 0}
  m_GameObject: {fileID: 1296554659}
  m_LocalRotation: {x: 0.40821788, y: -0.23456968, z: 0.10938163, w: 0.8754261}
  m_LocalPosition: {x: 6.24, y: 0.76504624, z: 0.52036095}
  m_LocalScale: {x: 1, y: 1, z: 1}
  m_Children: []
  m_Father: {fileID: 0}
  m_RootOrder: 4
  m_LocalEulerAnglesHint: {x: 50, y: -30, z: 0}
--- !u!1 &1617609245
GameObject:
  m_ObjectHideFlags: 0
  m_PrefabParentObject: {fileID: 100000, guid: cd04a34756c94734aa3b88da95785344, type: 3}
  m_PrefabInternal: {fileID: 0}
  serializedVersion: 5
  m_Component:
  - component: {fileID: 1617609249}
  - component: {fileID: 1617609248}
  - component: {fileID: 1617609247}
  - component: {fileID: 1617609246}
  m_Layer: 0
  m_Name: Mesh (1)
  m_TagString: Untagged
  m_Icon: {fileID: 0}
  m_NavMeshLayer: 0
  m_StaticEditorFlags: 0
  m_IsActive: 1
--- !u!114 &1617609246
MonoBehaviour:
  m_ObjectHideFlags: 0
  m_PrefabParentObject: {fileID: 0}
  m_PrefabInternal: {fileID: 0}
  m_GameObject: {fileID: 1617609245}
  m_Enabled: 0
  m_EditorHideFlags: 0
  m_Script: {fileID: 11500000, guid: 78bf5ab4c0f9b7a43a4fb1bc75e5449f, type: 3}
  m_Name: 
  m_EditorClassIdentifier: 
  sampling_compute_shader: {fileID: 7200000, guid: b55003d9125e2bb43b84f7055d32193f,
    type: 3}
  sampling_resolution: 64
  sampling_show_samples: 0
  remove_close_samples: 0
  sample_debug_size: 0.03
  sampling_neighbour_distance_threshold: 50
  sampling_maximum_iterations: 1000
  sampling_debug_threshold: 60
  sampling_lambda: 5
  sampling_phy: 0.1
  weighting_render_continious: 1
  weighting_render: 1
  weighting_material: {fileID: 2100000, guid: 6f66070455fd6b54bbed25f2469a9f32, type: 2}
  weighting_compute_shader: {fileID: 7200000, guid: 8a97b196ca6a6074bbcf0f1330f65b2e,
    type: 3}
  width_resolution: 455
  m_rendering_shader: {fileID: 0}
  compute_transforms: 0
--- !u!23 &1617609247
MeshRenderer:
  m_ObjectHideFlags: 0
  m_PrefabParentObject: {fileID: 2300000, guid: cd04a34756c94734aa3b88da95785344,
    type: 3}
  m_PrefabInternal: {fileID: 0}
  m_GameObject: {fileID: 1617609245}
  m_Enabled: 1
  m_CastShadows: 1
  m_ReceiveShadows: 1
  m_DynamicOccludee: 1
  m_MotionVectors: 1
  m_LightProbeUsage: 1
  m_ReflectionProbeUsage: 1
  m_Materials:
  - {fileID: 2100000, guid: 5cd7980b05c026848b4ecef7ad804ac4, type: 2}
  m_StaticBatchInfo:
    firstSubMesh: 0
    subMeshCount: 0
  m_StaticBatchRoot: {fileID: 0}
  m_ProbeAnchor: {fileID: 0}
  m_LightProbeVolumeOverride: {fileID: 0}
  m_ScaleInLightmap: 1
  m_PreserveUVs: 0
  m_IgnoreNormalsForChartDetection: 0
  m_ImportantGI: 0
  m_StitchLightmapSeams: 0
  m_SelectedEditorRenderState: 3
  m_MinimumChartSize: 4
  m_AutoUVMaxDistance: 0.5
  m_AutoUVMaxAngle: 89
  m_LightmapParameters: {fileID: 0}
  m_SortingLayerID: 0
  m_SortingLayer: 0
  m_SortingOrder: 0
--- !u!33 &1617609248
MeshFilter:
  m_ObjectHideFlags: 0
  m_PrefabParentObject: {fileID: 3300000, guid: cd04a34756c94734aa3b88da95785344,
    type: 3}
  m_PrefabInternal: {fileID: 0}
  m_GameObject: {fileID: 1617609245}
  m_Mesh: {fileID: 4300000, guid: cd04a34756c94734aa3b88da95785344, type: 3}
--- !u!4 &1617609249
Transform:
  m_ObjectHideFlags: 0
  m_PrefabParentObject: {fileID: 400000, guid: cd04a34756c94734aa3b88da95785344, type: 3}
  m_PrefabInternal: {fileID: 0}
  m_GameObject: {fileID: 1617609245}
  m_LocalRotation: {x: -0, y: -0, z: -0, w: 1}
  m_LocalPosition: {x: 3.849, y: 0, z: 0}
  m_LocalScale: {x: 1, y: 1, z: 1}
  m_Children: []
  m_Father: {fileID: 0}
  m_RootOrder: 3
  m_LocalEulerAnglesHint: {x: 0, y: 0, z: 0}
--- !u!1 &1797426237
GameObject:
  m_ObjectHideFlags: 0
  m_PrefabParentObject: {fileID: 100000, guid: cd04a34756c94734aa3b88da95785344, type: 3}
  m_PrefabInternal: {fileID: 0}
  serializedVersion: 5
  m_Component:
  - component: {fileID: 1797426241}
  - component: {fileID: 1797426240}
  - component: {fileID: 1797426239}
  - component: {fileID: 1797426238}
  m_Layer: 0
  m_Name: Mesh
  m_TagString: Untagged
  m_Icon: {fileID: 0}
  m_NavMeshLayer: 0
  m_StaticEditorFlags: 0
  m_IsActive: 1
--- !u!114 &1797426238
MonoBehaviour:
  m_ObjectHideFlags: 0
  m_PrefabParentObject: {fileID: 0}
  m_PrefabInternal: {fileID: 0}
  m_GameObject: {fileID: 1797426237}
  m_Enabled: 1
  m_EditorHideFlags: 0
  m_Script: {fileID: 11500000, guid: 78bf5ab4c0f9b7a43a4fb1bc75e5449f, type: 3}
  m_Name: 
  m_EditorClassIdentifier: 
  sampling_compute_shader: {fileID: 7200000, guid: b55003d9125e2bb43b84f7055d32193f,
    type: 3}
  sampling_resolution: 64
  sampling_show_samples: 0
  remove_close_samples: 0
  sample_debug_size: 0.03
  sampling_neighbour_distance_threshold: 50
  sampling_maximum_iterations: 1000
  sampling_debug_threshold: 60
  sampling_lambda: 5
  sampling_phy: 0.1
  weighting_render_continious: 1
  weighting_render: 1
  weighting_material: {fileID: 2100000, guid: 730fee0cfafb59d428303f721f60d3b6, type: 2}
  weighting_compute_shader: {fileID: 7200000, guid: cae34ef937270cf4bb04e004e68a4176,
    type: 3}
  width_resolution: 455
  m_rendering_shader: {fileID: 0}
  compute_transforms: 1
--- !u!23 &1797426239
MeshRenderer:
  m_ObjectHideFlags: 0
  m_PrefabParentObject: {fileID: 2300000, guid: cd04a34756c94734aa3b88da95785344,
    type: 3}
  m_PrefabInternal: {fileID: 0}
  m_GameObject: {fileID: 1797426237}
  m_Enabled: 1
  m_CastShadows: 1
  m_ReceiveShadows: 1
  m_DynamicOccludee: 1
  m_MotionVectors: 1
  m_LightProbeUsage: 1
  m_ReflectionProbeUsage: 1
  m_Materials:
  - {fileID: 2100000, guid: cae62dfbe7644874d9ef0211e7e09904, type: 2}
  m_StaticBatchInfo:
    firstSubMesh: 0
    subMeshCount: 0
  m_StaticBatchRoot: {fileID: 0}
  m_ProbeAnchor: {fileID: 0}
  m_LightProbeVolumeOverride: {fileID: 0}
  m_ScaleInLightmap: 1
  m_PreserveUVs: 0
  m_IgnoreNormalsForChartDetection: 0
  m_ImportantGI: 0
  m_StitchLightmapSeams: 0
  m_SelectedEditorRenderState: 3
  m_MinimumChartSize: 4
  m_AutoUVMaxDistance: 0.5
  m_AutoUVMaxAngle: 89
  m_LightmapParameters: {fileID: 0}
  m_SortingLayerID: 0
  m_SortingLayer: 0
  m_SortingOrder: 0
--- !u!33 &1797426240
MeshFilter:
  m_ObjectHideFlags: 0
  m_PrefabParentObject: {fileID: 3300000, guid: cd04a34756c94734aa3b88da95785344,
    type: 3}
  m_PrefabInternal: {fileID: 0}
  m_GameObject: {fileID: 1797426237}
  m_Mesh: {fileID: 4300000, guid: cd04a34756c94734aa3b88da95785344, type: 3}
--- !u!4 &1797426241
Transform:
  m_ObjectHideFlags: 0
  m_PrefabParentObject: {fileID: 400000, guid: cd04a34756c94734aa3b88da95785344, type: 3}
  m_PrefabInternal: {fileID: 0}
  m_GameObject: {fileID: 1797426237}
  m_LocalRotation: {x: -0, y: -0, z: -0, w: 1}
  m_LocalPosition: {x: 1.712, y: 0, z: 0}
  m_LocalScale: {x: 1, y: 1, z: 1}
  m_Children: []
  m_Father: {fileID: 0}
  m_RootOrder: 1
  m_LocalEulerAnglesHint: {x: 0, y: 0, z: 0}
--- !u!1 &1834721912 stripped
GameObject:
  m_PrefabParentObject: {fileID: 100002, guid: eb7527d10ec198e4fbb129ed64c0bf54, type: 3}
  m_PrefabInternal: {fileID: 482685586}
--- !u!114 &1834721914
MonoBehaviour:
  m_ObjectHideFlags: 0
  m_PrefabParentObject: {fileID: 0}
  m_PrefabInternal: {fileID: 0}
  m_GameObject: {fileID: 1834721912}
  m_Enabled: 1
  m_EditorHideFlags: 0
  m_Script: {fileID: 11500000, guid: 78bf5ab4c0f9b7a43a4fb1bc75e5449f, type: 3}
  m_Name: 
  m_EditorClassIdentifier: 
  sampling_compute_shader: {fileID: 7200000, guid: 034cb78502c82a346b9115f4ed3879f9,
    type: 3}
  sampling_resolution: 150
  sampling_show_samples: 1
  remove_close_samples: 1
  sample_debug_size: 0.03
  sampling_neighbour_distance_threshold: 50
  sampling_maximum_iterations: 1000
  sampling_debug_threshold: 60
  sampling_lambda: 5
  sampling_phy: 0.1
  weighting_render_continious: 1
  weighting_render: 1
  weighting_material: {fileID: 2100000, guid: 6f66070455fd6b54bbed25f2469a9f32, type: 2}
  weighting_compute_shader: {fileID: 7200000, guid: 8a97b196ca6a6074bbcf0f1330f65b2e,
    type: 3}
  width_resolution: 1080
  m_rendering_shader: {fileID: 0}
  compute_transforms: 1
